Voici un exemple d'une bibliographie standalone en LaTeX au format BibTeX pour les deux références que vous avez fournies. Vous pouvez copier et coller ce code dans un fichier .bib pour l'utiliser dans vos projets.
Fichier .bib

@misc{olshevsky2018fft,
  author       = {Vadim Olshevsky},
  title        = {Lecture Notes on Fast Fourier Transform (FFT)},
  year         = {2018},
  note         = {Available online at \url{https://www2.math.uconn.edu/~olshevsky/classes/2018_Spring/math3511/FFT.pdf} [Accessed November 27, 2024]},
  howpublished = {Class Notes, University of Connecticut},
}

@article{hunt1972convolution,
  author       = {B. R. Hunt},
  title        = {A Matrix Theory Proof of the Discrete Convolution Theorem},
  journal      = {IEEE Transactions on Computers},
  volume       = {C-21},
  number       = {9},
  pages        = {850--851},
  year         = {1972},
  publisher    = {IEEE},
  doi          = {10.1109/T-C.1972.223324},
  url          = {https://ieeexplore.ieee.org/stamp/stamp.jsp?tp=&arnumber=1162202},
}
